@article{cao2019hierarchical,
  title={Hierarchical-block conditioning approximations for high-dimensional multivariate normal probabilities},
  author={Cao, Jian and Genton, Marc G and Keyes, David E and Turkiyyah, George M},
  journal={Statistics and Computing},
  volume={29},
  number={3},
  pages={585--598},
  year={2019},
  publisher={Springer}
}

@book{hackbusch2015hierarchical,
  title={Hierarchical matrices: algorithms and analysis},
  author={Hackbusch, Wolfgang},
  volume={49},
  year={2015},
  publisher={Springer}
}

@article{trinh2015bivariate,
  title={Bivariate conditioning approximations for multivariate normal probabilities},
  author={Trinh, Giang and Genz, Alan},
  journal={Statistics and Computing},
  volume={25},
  number={5},
  pages={989--996},
  year={2015},
  publisher={Springer}
}

@article{genton2018hierarchical,
  title={Hierarchical decompositions for the computation of high-dimensional multivariate normal probabilities},
  author={Genton, Marc G and Keyes, David E and Turkiyyah, George},
  journal={Journal of Computational and Graphical Statistics},
  volume={27},
  number={2},
  pages={268--277},
  year={2018},
  publisher={Taylor \& Francis}
}

@book{genz2009computation,
  title={Computation of multivariate normal and t probabilities},
  author={Genz, Alan and Bretz, Frank},
  volume={195},
  year={2009},
  publisher={Springer Science \& Business Media}
}